@misc {deadcells,
   url = {https://store.steampowered.com/app/588650/Dead_Cells/},
   title = {Dead Cells on Steam},
}

@misc {celeste,
    url = {https://store.steampowered.com/app/504230/Celeste/},
    title = {Celeste on Steam}
}

@misc {arcades,
    url = {https://www.betson.com/the-history-of-arcade-games/},
    title = {History of Coin-Operated Arcade Games},
}

@misc {roguelikes,
    url = {https://www.nytimes.com/wirecutter/reviews/what-are-roguelike-games/},
    title = {Don’t Be Scared. Play a Roguelike.},
    author = {Haley Perry}
}

@misc {hades,
    url = {https://store.steampowered.com/app/1145360/Hades/},
    title = {Hades on Steam}
}

@misc {boomerang,
    url = {https://store.steampowered.com/app/965680/Boomerang_Fu/},
    title = {Boomerang Fu on Steam}
}

@misc {dnd,
    url = {https://www.polygon.com/deals/21294556/dnd-how-to-play-dungeons-dragons-5e-guide-spells-dice-character-sheets-dm},
    title = {A beginner’s guide to playing Dungeons and Dragons},
    author = {Samantha Nelson}
}

@misc {mosa,
    url = {https://store.steampowered.com/app/2477090/Mosa_Lina/},
    title = {Mosa Lina on Steam}
}

@misc {tutorial,
    url = {https://www.youtube.com/watch?v=FgO5edghqRE&list=PLzia-gCwY2G2AXn2hvAjKzLH2_rCvVQFQ},
    title = {Character controller done right in Godot}
}

@misc {ethics,
    url = {https://journals-sagepub-com.oxy.idm.oclc.org/doi/10.1177/1555412017727688},
    title = {Virtuality and Depiction in Video Game Representation},
    author = {Rune Klevjer}
}
